@misc { example,
  author = {name},
  title = {title},
  url = {url}
}
