@misc {namespaces,
  title = {Namespaces},
  url = {https://kubernetes.io/docs/concepts/overview/working-with-objects/namespaces/}
}

@misc {rbac,
  title = {Using RBAC Authorization},
  url = {https://kubernetes.io/docs/reference/access-authn-authz/rbac/}
}

